@misc{dataset,
      author = "Centers for Disease Control and Prevention",
      title = "Nutrition, Physical Activity, and Obesity - Behavioral Risk Factor Surveillance System",
      year = 2021,
      url = "https://chronicdata.cdc.gov/Nutrition-Physical-Activity-and-Obesity/Nutrition-Physical-Activity-and-Obesity-Behavioral/hn4x-zwk7"
}

@misc{legislation,
      author = "Centers for Disease Control and Prevention",
      title = "CDC Nutrition, Physical Activity, and Obesity - Legislation",
      year = 2018,
      url = "https://chronicdata.cdc.gov/Nutrition-Physical-Activity-and-Obesity/CDC-Nutrition-Physical-Activity-and-Obesity-Legisl/nxst-x9p4"
}